@preamble{ "\newcommand{\noopsort}[1]{} "
	# "\newcommand{\printfirst}[2]{#1} "
	# "\newcommand{\singleletter}[1]{#1} "
	# "\newcommand{\switchargs}[2]{#2#1} " }


@electronic{MDS,
  organization = "Personal Robots Group, MIT Media Lab",
  title = "{MDS}",
  url = "http://robotic.media.mit.edu/portfolio/mobile-dexterous-social-robots",
  address = "Cambridge, MA"
}

@manual{FireflyDatasheet,
   title = "Firefly MV Product Datasheet",
   howpublished = "fireflymv.pdf",
   organization = "Point Grey",
   url = "http://www.ptgrey.com/firefly-mv-ieee-1394b-firewire-cameras",
}

@mastersthesis{IRCP,
   author = "Matt Hancher",
   title = "A Motor Control Framework for Many-Axis Interactive Robots",
   school = "Massachusetts Institute of Technology",
   type = "Master of Engineering thesis",
   address = "Cambridge, MA",
   month = may,
   year = "2003"
}

@inproceedings{Lienhart,
    author = "Rainer Lienhart and Jochen Maydt",
    title = "An extended set of {H}aar-like features for rapid object detection",
    booktitle = "IEEE ICIP",
    year = "2002",
    pages = "900-903"
}

@article{BradskiCamshift,
    author = "Gary Bradski",
    title = "Computer Vision Face Tracking For Use in a Perceptual User Interface",
    journal = "Intel Technology Journal, Q2",
    year = "1998"
}

@book{Bradski,
  author = "G. Bradski and A. Kaehler",
  title = "Learning OpenCV: Computer Vision with the OpenCV Library",
  publisher = "O'Reilly",
  address = "Sebastopol, CA",
  year = "2008"
}

